@online{espressif,
  title        = {Espressif Systems},
  organization = {Espressif Systems},
  url          = {https://www.espressif.com},
  urldate      = {2021-03-25}
}

@online{ESP-IDF,
  title        = {espressif/esp-idf},
  organization = {Espressif Systems},
  url          = {https://github.com/espressif/esp-idf},
  urldate      = {2021-03-25}
}

@online{arduino,
  title        = {Arduino},
  organization = {Arduino},
  url          = {https://www.arduino.cc},
  urldate      = {2021-04-03}
}

@online{uPython,
  title        = {Micro Python,},
  organization = {George Robotics Limited},
  url          = {https://micropython.org},
  urldate      = {2021-04-03}
}

@online{circuitPython,
  title        = {Circuit Python},
  organization = {Adafruit},
  url          = {https://circuitpython.org},
  urldate      = {2021-04-03}
}

@online{espruino,
  title        = {Espruino},
  organization = {Pur3 Ltd},
  url          = {https://www.espruino.com},
  urldate      = {2021-04-03}
}

@online{SmartLeds,
  title        = {SmartLeds},
  organization = {RoboticsBrno},
  url          = {https://github.com/RoboticsBrno/SmartLeds},
  urldate      = {2021-04-07}
}

@online{dokumentace,
  title        = {Dokumentace BlackBox},
  organization = {RoboticsBrno},
  url          = {https://roboticsbrno.github.io/BlackBox_library/},
  urldate      = {2021-04-07}
}

@online{BlackBox_hardware,
  title        = {RB3203-BlackBox},
  organization = {RoboticsBrno},
  url          = {https://github.com/RoboticsBrno/RB3203-BlackBox},
  urldate      = {2021-04-07}
}

@online{pio-registry,
  title        = {PlatformIO Libraries},
  organization = {PlatformIO labs},
  url          = {https://platformio.org/lib},
  urldate      = {2021-04-07}
}